% Copyright (C) 2024-2025 Yucheng Liu. Under the AGPL 3.0 License.
% AGPL 3.0 License: https://www.gnu.org/licenses/agpl-3.0.txt .

@INPROCEEDINGS{
  ust_thesis_guidelines,
  author = {HKUST},
  title = {Guidelines on Thesis Preparation},
  booktitle = {Handbook for Research Postgraduate Studies},
  year = {2023},
  url = {https://fytgs.hkust.edu.hk/academics/Academic-Regulations-and-Requirements/Handbook-for-Research-Postgraduate-Studies/guidelines-thesis-preparation}
}
@INPROCEEDINGS{
  ust_thesis_phd,
  author = {HKUST},
  title = {Thesis sample page ({PhD})},
  booktitle = {Handbook for Research Postgraduate Studies},
  year = {2023},
  url = {https://fytgs.hkust.edu.hk/sites/default/files/imce/thesis_sample_page_phd.pdf}
}

@INPROCEEDINGS{
  ust_thesis_mphil,
  author = {HKUST},
  title = {Thesis sample page ({MPhil})},
  booktitle = {Handbook for Research Postgraduate Studies},
  year = {2023},
  url = {https://fytgs.hkust.edu.hk/sites/default/files/imce/thesis_sample_page_mphil.pdf}
}
